<record xmlns="http://www.loc.gov/MARC21/slim" xmlns:xsi="http://www.w3.org/2001/XMLSchema-instance" xsi:schemaLocation="http://www.loc.gov/MARC21/slim http://www.loc.gov/standards/marcxml/schema/MARC21slim.xsd"><leader>03066nam a2200505   4500</leader><controlfield tag="001">001679726</controlfield><controlfield tag="003">NNU</controlfield><controlfield tag="006">m        d        </controlfield><controlfield tag="007">cr cn |||m|||a</controlfield><controlfield tag="008">150223s1939    au ach  o     000 0dara d</controlfield><datafield ind1=" " ind2=" " tag="040"><subfield code="a">NNU</subfield><subfield code="b">eng</subfield><subfield code="c">NNU</subfield></datafield><datafield ind1=" " ind2="4" tag="050"><subfield code="a">PJ6126</subfield><subfield code="b">.K8</subfield></datafield><datafield ind1=" " ind2="4" tag="050"><subfield code="a">PJ6124</subfield><subfield code="b">.K83</subfield></datafield><datafield ind1="1" ind2=" " tag="100"><subfield code="6">880-01</subfield><subfield code="a">Kurdi&#772;, Muh&#803;ammad T&#803;a&#772;hir ibn &#699;Abd al-Qa&#772;dir.</subfield></datafield><datafield ind1="1" ind2="0" tag="245"><subfield code="6">880-02</subfield><subfield code="a">Ta&#772;ri&#772;kh al-khat&#803;t&#803; al-&#699;Arabi&#772; wa ada&#772;bih</subfield><subfield code="h">[electronic resource] :</subfield><subfield code="b">huwa kita&#772;b ta&#772;ri&#772;khi&#772; ijtima&#772;&#699;i&#772; adabi&#772;, muzayyan bi-al-s&#803;uwar al-khat&#803;t&#803;i&#772;yah wa-al-rusu&#772;m al-futu&#772;ghra&#772;fi&#772;yah /</subfield><subfield code="c">ta&#700;li&#772;f Muh&#803;ammad T&#803;a&#772;hir ibn &#699;Abd al-Qa&#772;dir al-Kurdi&#772; al-Makki&#772; al-Khat&#803;t&#803;a&#772;t&#803;.</subfield></datafield><datafield ind1=" " ind2=" " tag="250"><subfield code="6">880-03</subfield><subfield code="a">al-T&#803;ab&#699;ah 1.</subfield></datafield><datafield ind1=" " ind2=" " tag="260"><subfield code="6">880-04</subfield><subfield code="a">[Mis&#803;r]</subfield><subfield code="b">Maktabat al-Hila&#772;l,</subfield><subfield code="c">1939</subfield><subfield code="f">(al-Mat&#803;ba&#699;ah al-Tija&#772;ri&#772;yah al-H&#803;adi&#772;thah bi-al-Saka&#772;ki&#772;ni&#772;)</subfield></datafield><datafield ind1=" " ind2=" " tag="300"><subfield code="a">online resource (470 p.) :</subfield><subfield code="b">ill., ports., facsims.</subfield></datafield><datafield ind1=" " ind2=" " tag="500"><subfield code="a">Part of the Arabic Collections Online (ACO) project, contributed by New York Univeristy Libraries.</subfield></datafield><datafield ind1=" " ind2=" " tag="533"><subfield code="a">Electronic reproduction.</subfield><subfield code="b">New York, N.Y. :</subfield><subfield code="c">New York University,</subfield><subfield code="d">2015.</subfield><subfield code="5">NNU</subfield></datafield><datafield ind1=" " ind2=" " tag="546"><subfield code="a">In Arabic characters.</subfield></datafield><datafield ind1=" " ind2="0" tag="650"><subfield code="a">Writing, Arabic</subfield><subfield code="x">History.</subfield></datafield><datafield ind1=" " ind2="0" tag="650"><subfield code="a">Writing</subfield><subfield code="x">History.</subfield></datafield><datafield ind1=" " ind2="0" tag="650"><subfield code="a">Calligraphy, Arabic</subfield><subfield code="x">History.</subfield></datafield><datafield ind1=" " ind2="0" tag="650"><subfield code="a">Calligraphers</subfield><subfield code="z">Arab countries</subfield><subfield code="v">Biography.</subfield></datafield><datafield ind1=" " ind2="0" tag="650"><subfield code="a">Muslim calligraphers</subfield><subfield code="v">Biography.</subfield></datafield><datafield ind1=" " ind2="7" tag="650"><subfield code="a">Calligraphers.</subfield><subfield code="2">fast</subfield><subfield code="0">(OCoLC)fst00844363</subfield></datafield><datafield ind1=" " ind2="7" tag="650"><subfield code="a">Calligraphy, Arabic.</subfield><subfield code="2">fast</subfield><subfield code="0">(OCoLC)fst00844384</subfield></datafield><datafield ind1=" " ind2="7" tag="650"><subfield code="a">Muslim calligraphers.</subfield><subfield code="2">fast</subfield><subfield code="0">(OCoLC)fst01030942</subfield></datafield><datafield ind1=" " ind2="7" tag="650"><subfield code="a">Writing.</subfield><subfield code="2">fast</subfield><subfield code="0">(OCoLC)fst01181638</subfield></datafield><datafield ind1=" " ind2="7" tag="650"><subfield code="a">Writing, Arabic.</subfield><subfield code="2">fast</subfield><subfield code="0">(OCoLC)fst01181678</subfield></datafield><datafield ind1=" " ind2="7" tag="651"><subfield code="a">Arab countries.</subfield><subfield code="2">fast</subfield><subfield code="0">(OCoLC)fst01240128</subfield></datafield><datafield ind1=" " ind2="7" tag="655"><subfield code="a">Biography.</subfield><subfield code="2">fast</subfield><subfield code="0">(OCoLC)fst01423686</subfield></datafield><datafield ind1=" " ind2="7" tag="655"><subfield code="a">History.</subfield><subfield code="2">fast</subfield><subfield code="0">(OCoLC)fst01411628</subfield></datafield><datafield ind1="2" ind2=" " tag="710"><subfield code="a">New York University.</subfield><subfield code="b">Libraries.</subfield></datafield><datafield ind1="0" ind2=" " tag="730"><subfield code="a">Arabic Collections Online.</subfield></datafield><datafield ind1="0" ind2="8" tag="776"><subfield code="i">Online version:</subfield><subfield code="a">Kurdi&#772;, Muh&#803;ammad T&#803;a&#772;hir ibn &#699;Abd al-Qa&#772;dir.</subfield><subfield code="t">Ta&#772;ri&#772;kh al-khat&#803;t&#803; al-&#699;Arabi&#772; wa ada&#772;bih.</subfield><subfield code="b">al-T&#803;ab&#699;ah 1.</subfield><subfield code="d">[Mis&#803;r] Maktabat al-Hila&#772;l, 1939 (al-Mat&#803;ba&#699;ah al-Tija&#772;ri&#772;yah al-H&#803;adi&#772;thah bi-al-Saka&#772;ki&#772;ni&#772;)</subfield><subfield code="w">(OCoLC)852767134</subfield></datafield><datafield ind1="0" ind2="8" tag="776"><subfield code="i">Print version:</subfield><subfield code="a">Kurdi&#772;, Muh&#803;ammad T&#803;a&#772;hir ibn &#699;Abd al-Qa&#772;dir.</subfield><subfield code="t">Ta&#772;ri&#772;kh al-khat&#803;t&#803; al-&#699;Arabi&#772; wa ada&#772;bih</subfield><subfield code="w">(NNU)001679726</subfield></datafield><datafield ind1="4" ind2="0" tag="856"><subfield code="u">http://hdl.handle.net/2333.1/sbcc2hmx</subfield></datafield><datafield ind1="1" ind2=" " tag="880"><subfield code="6">100-01/</subfield><subfield code="a">&#1603;&#1585;&#1583;&#1610;&#1548; &#1605;&#1581;&#1605;&#1583; &#1591;&#1575;&#1607;&#1585; &#1576;&#1606; &#1593;&#1576;&#1583; &#1575;&#1604;&#1602;&#1575;&#1583;&#1585;.</subfield></datafield><datafield ind1="1" ind2="0" tag="880"><subfield code="6">245-02/</subfield><subfield code="a">&#1578;&#1575;&#1585;&#1610;&#1582; &#1575;&#1604;&#1582;&#1591; &#1575;&#1604;&#1593;&#1585;&#1576;&#1610; &#1608; &#1575;&#1583;&#1575;&#1576;&#1607; :</subfield><subfield code="b">&#1607;&#1608; &#1603;&#1578;&#1575;&#1576; &#1578;&#1575;&#1585;&#1610;&#1582;&#1610; &#1575;&#1580;&#1578;&#1605;&#1575;&#1593;&#1610; &#1575;&#1583;&#1576;&#1610;&#1548; &#1605;&#1586;&#1610;&#1606; &#1576;&#1575;&#1604;&#1589;&#1608;&#1585; &#1575;&#1604;&#1582;&#1591;&#1610;&#1577; &#1608;&#1575;&#1604;&#1585;&#1587;&#1608;&#1605; &#1575;&#1604;&#1601;&#1578;&#1608;&#1594;&#1585;&#1575;&#1601;&#1610;&#1577; /</subfield><subfield code="c">&#1578;&#1571;&#1604;&#1610;&#1601; &#1605;&#1581;&#1605;&#1583; &#1591;&#1575;&#1607;&#1585; &#1576;&#1606; &#1593;&#1576;&#1583; &#1575;&#1604;&#1602;&#1575;&#1583;&#1585; &#1575;&#1604;&#1603;&#1585;&#1583;&#1610; &#1575;&#1604;&#1605;&#1603;&#1610; &#1575;&#1604;&#1582;&#1591;&#1575;&#1591;.</subfield></datafield><datafield ind1=" " ind2=" " tag="880"><subfield code="6">250-03/</subfield><subfield code="a">&#1575;&#1604;&#1591;&#1576;&#1593;&#1577; 1.</subfield></datafield><datafield ind1=" " ind2=" " tag="880"><subfield code="6">260-04/</subfield><subfield code="a">[&#1605;&#1589;&#1585;]</subfield><subfield code="b">&#1605;&#1603;&#1578;&#1576;&#1577; &#1575;&#1604;&#1607;&#1604;&#1575;&#1604;&#1548;</subfield><subfield code="c">1939</subfield><subfield code="f">(&#1575;&#1604;&#1605;&#1591;&#1576;&#1593;&#1577; &#1575;&#1604;&#1578;&#1580;&#1575;&#1585;&#1610;&#1577; &#1575;&#1604;&#1581;&#1583;&#1610;&#1579;&#1577; &#1576;&#1575;&#1604;&#1587;&#1603;&#1575;&#1603;&#1610;&#1606;&#1610;)</subfield></datafield><datafield ind1=" " ind2=" " tag="959"><subfield code="a">NNU</subfield><subfield code="b">WEB</subfield><subfield code="c">GENI</subfield><subfield code="t">0</subfield><subfield code="m">Electronic access</subfield><subfield code="s">01</subfield></datafield><datafield ind1=" " ind2=" " tag="999"><subfield code="i">NNU_001679726</subfield><subfield code="s">nyu_aco000239</subfield></datafield></record>